@article{Akioyamen2020,
    series={ICAIF '20},
   title={A hybrid learning approach to detecting regime switches in financial markets},
   url={http://dx.doi.org/10.1145/3383455.3422521},
   DOI={10.1145/3383455.3422521},
   booktitle={Proceedings of the First ACM International Conference on AI in Finance},
   publisher={ACM},
   author={Akioyamen, Peter and Tang, Yi Zhou and Hussien, Hussien},
   year={2020},
   month=oct, pages={1–7},
   collection={ICAIF ’20}
}
