@article{ali2024,
    title={Evidence on Inflation Expectations Formation Using Large Language Models},
    author={Zarifhonarvar, Ali},
    year={2024},
    journal={SSRN Electronic Journal},
    doi={10.2139/ssrn.4825076},
    url={https://ssrn.com/abstract=4825076}
}
@article{lore2023,
      title={Strategic Behavior of Large Language Models: Game Structure vs. Contextual Framing}, 
      author={Nunzio Lorè and Babak Heydari},
      year={2023},
      eprint={2309.05898},
      archivePrefix={arXiv},
      primaryClass={cs.GT},
      url={https://arxiv.org/abs/2309.05898}, 
}

@article{tjuatja2024,
    author = {Tjuatja, Lindia and Chen, Valerie and Wu, Tongshuang and Talwalkwar, Ameet and Neubig, Graham},
    title = "{Do LLMs Exhibit Human-like Response Biases? A Case Study in Survey Design}",
    journal = {Transactions of the Association for Computational Linguistics},
    volume = {12},
    pages = {1011-1026},
    year = {2024},
    month = {09},
    issn = {2307-387X},
    doi = {10.1162/tacl_a_00685},
    url = {https://doi.org/10.1162/tacl\_a\_00685},
    eprint = {https://direct.mit.edu/tacl/article-pdf/doi/10.1162/tacl\_a\_00685/2468689/tacl\_a\_00685.pdf},
}

@article{della2009,
    Author = {DellaVigna, Stefano},
    Title = {Psychology and Economics: Evidence from the Field},
    Journal = {Journal of Economic Literature},
    Volume = {47},
    Number = {2},
    Year = {2009},
    Month = {June},
    Pages = {315–72},
    DOI = {10.1257/jel.47.2.315},
    URL = {https://www.aeaweb.org/articles?id=10.1257/jel.47.2.315}
}

@article{naveed2024,
    title={A Comprehensive Overview of Large Language Models}, 
    author={Humza Naveed and Asad Ullah Khan and Shi Qiu and Muhammad Saqib and Saeed Anwar and Muhammad Usman and Naveed Akhtar and Nick Barnes and Ajmal Mian},
    year={2024},
    eprint={2307.06435},
    archivePrefix={arXiv},
    primaryClass={cs.CL},
    url={https://arxiv.org/abs/2307.06435}, 
}
