@article{hautsch2010,
    author = {Nikolaus Hautsch and Fuyu Yang},
    copyright = {http://www.econstor.eu/dspace/Nutzungsbedingungen},
    language = {eng},
    number = {2010-004},
    publisher = {Humboldt University of Berlin, Collaborative Research Center 649 - Economic Risk},
    series = {SFB 649 Discussion Paper},
    title = {Bayesian inference in a stochastic volatility Nelson-Siegel Model},
    url = {https://hdl.handle.net/10419/39283},
    year = {2010}
}

@article{buitenhuis20217,
    author = {Jos Buitenhuis},
    language = {eng},
    publisher = {Erasmus Universiteit Rotterdam},
    title = {Time-Varying Parameters in the Dynamic Nelson-Siegel Model},
    url = {https://thesis.eur.nl/pub/38311/Buitenhuis.pdf},
    year = {2017}
}

@article{diebold2006,
  author={Diebold, Francis X. and Li, Canlin},
  title={{Forecasting the term structure of government bond yields}},
  journal={Journal of Econometrics},
  year=2006,
  volume={130},
  number={2},
  pages={337-364},
  month={February},
  keywords={},
  doi={},
  url={https://ideas.repec.org/a/eee/econom/v130y2006i2p337-364.html}
}