@article{kazimipour2014,
  author={Kazimipour, Borhan and Li, Xiaodong and Qin, A. K.},
  booktitle={2014 IEEE Congress on Evolutionary Computation (CEC)}, 
  title={A review of population initialization techniques for evolutionary algorithms}, 
  year={2014},
  volume={},
  number={},
  pages={2585-2592},
  keywords={Sociology;Statistics;Optimization;Generators;Chaos;Evolutionary computation;Educational institutions},
  doi={10.1109/CEC.2014.6900618}
}

@article{kora2017,
    author = {Kora, Padmavathi and Yadlapalli, Priyanka},
    year = {2017},
    month = {03},
    pages = {34-36},
    title = {Crossover Operators in Genetic Algorithms: A Review},
    volume = {162},
    journal = {International Journal of Computer Applications},
    doi = {10.5120/ijca2017913370}
}

@article{defalco2002,
    title = {Mutation-based genetic algorithm: performance evaluation},
    journal = {Applied Soft Computing},
    volume = {1},
    number = {4},
    pages = {285-299},
    year = {2002},
    issn = {1568-4946},
    doi = {https://doi.org/10.1016/S1568-4946(02)00021-2},
    url = {https://www.sciencedirect.com/science/article/pii/S1568494602000212},
    author = {I {De Falco} and A {Della Cioppa} and E Tarantino},
    keywords = {Genetic algorithms, Mutation, Frame-shift, Translocation}
}

@article{ghoreishi2017,
  title = "Termination Criteria in Evolutionary Algorithms: A Survey",
  keywords = "Evolutionary Computation, Evolutionary Algorithm, Termination Criterion, Stopping Criterion, Convergence, Performance Indicator, Progress Indicator",
  author = "Newsha Ghoreishi and Anders Clausen and J{\o}rgensen, {Bo N{\o}rregaard}",
  year = "2017",
  doi = "10.5220/0006577903730384",
  language = "English",
  volume = "1",
  pages = "373--384",
  booktitle = "Proceedings of 9th International Joint Conference on Computational Intelligence",
  publisher = "SCITEPRESS Digital Library",
  note = "9th International Joint Conference on Computational Intelligence ; Conference date: 01-11-2017 Through 03-11-2017",
}
