@article{Ferraresi2015,
    author = {Ferraresi, Tommaso and Roventini, Andrea and Fagiolo, Giorgio},
    title = {Fiscal Policies and Credit Regimes: A TVAR Approach},
    journal = {Journal of Applied Econometrics},
    volume = {30},
    number = {7},
    pages = {1047-1072},
    %doi = {https://doi.org/10.1002/jae.2420},
    url = {https://onlinelibrary.wiley.com/doi/abs/10.1002/jae.2420},
    %eprint = {https://onlinelibrary.wiley.com/doi/pdf/10.1002/jae.2420},
    year = {2015}
}

@article{Box1970,
    author = {G. E. P. Box and David A. Pierce},
    title = {Distribution of Residual Autocorrelations in Autoregressive-Integrated Moving Average Time Series Models},
    journal = {Journal of the American Statistical Association},
    volume = {65},
    number = {332},
    pages = {1509--1526},
    year = {1970},
    %publisher = {Taylor \& Francis},
    %doi = {10.1080/01621459.1970.10481180},
    url = {https://www.tandfonline.com/doi/abs/10.1080/01621459.1970.10481180},
    %eprint = {https://www.tandfonline.com/doi/pdf/10.1080/01621459.1970.10481180}
}

@article{Andrews1993,
    %issn = {00129682, 14680262},
    url = {http://www.jstor.org/stable/2951764},
    author = {Donald W. K. Andrews},
    journal = {Econometrica},
    number = {4},
    pages = {821--856},
    %publisher = {[Wiley, Econometric Society]},
    title = {Tests for Parameter Instability and Structural Change With Unknown Change Point},
    %urldate = {2024-06-18},
    volume = {61},
    year = {1993}
}

@article{Zeileis2005,
    author = {Achim Zeileis},
    title = {A Unified Approach to Structural Change Tests Based on ML Scores, F Statistics, and OLS Residuals},
    journal = {Econometric Reviews},
    volume = {24},
    number = {4},
    pages = {445--466},
    year = {2005},
    %publisher = {Taylor \& Francis},
    %doi = {10.1080/07474930500406053},
    url = {https://doi.org/10.1080/07474930500406053}
}

@article{Zeileis2010,
    title = {Testing, monitoring, and dating structural changes in exchange rate regimes},
    journal = {Computational Statistics \& Data Analysis},
    volume = {54},
    number = {6},
    pages = {1696-1706},
    year = {2010},
    %issn = {0167-9473},
    %doi = {https://doi.org/10.1016/j.csda.2009.12.005},
    url = {https://www.sciencedirect.com/science/article/pii/S0167947309004435},
    %keywords = {Parameter instability, Foreign exchange rates, CNY, INR},
    author = {Achim Zeileis and Ajay Shah and Ila Patnaik}
}

@article{Rambachan2021,
	title = {When do common time series estimands have nonparametric causal meaning?},
	year = {Working Paper},
	author = {Ashesh Rambachan and Neil Shephard},
    url = {https://scholar.harvard.edu/sites/scholar.harvard.edu/files/shephard/files/causalmodelformacro20211012.pdf},
    year = {2021}
}
